@inproceedings{surf,
	author = {Herbert Bay and Tinne Tuytelaars and Luc Van Gool},
	title = "{SURF: Speeded Up Robust Features}",
	year = {2006}
}

@misc{opencv,
	title = "{Open Source Computer Vision, OpenCV}",
	note = {\url{http://opencv.org}}
}

@misc{streetview,
	title = "{Google Street View}",
	note = {\url{http://www.google.com/maps/views}}
}

@misc{opensurf,
	author = {Chris Evans},
	title = "{The OpenSURF Computer Vision Library}",
	note = {\url{http://www.chrisevansdev.com/computer-vision-opensurf.html}}
}
